%YAML 1.1
%TAG !u! tag:unity3d.com,2011:
--- !u!29 &1
OcclusionCullingSettings:
  m_ObjectHideFlags: 0
  serializedVersion: 2
  m_OcclusionBakeSettings:
    smallestOccluder: 5
    smallestHole: 0.25
    backfaceThreshold: 100
  m_SceneGUID: 00000000000000000000000000000000
  m_OcclusionCullingData: {fileID: 0}
--- !u!104 &2
RenderSettings:
  m_ObjectHideFlags: 0
  serializedVersion: 9
  m_Fog: 0
  m_FogColor: {r: 0.5, g: 0.5, b: 0.5, a: 1}
  m_FogMode: 3
  m_FogDensity: 0.01
  m_LinearFogStart: 0
  m_LinearFogEnd: 300
  m_AmbientSkyColor: {r: 0.212, g: 0.227, b: 0.259, a: 1}
  m_AmbientEquatorColor: {r: 0.114, g: 0.125, b: 0.133, a: 1}
  m_AmbientGroundColor: {r: 0.047, g: 0.043, b: 0.035, a: 1}
  m_AmbientIntensity: 1
  m_AmbientMode: 3
  m_SubtractiveShadowColor: {r: 0.42, g: 0.478, b: 0.627, a: 1}
  m_SkyboxMaterial: {fileID: 0}
  m_HaloStrength: 0.5
  m_FlareStrength: 1
  m_FlareFadeSpeed: 3
  m_HaloTexture: {fileID: 0}
  m_SpotCookie: {fileID: 10001, guid: 0000000000000000e000000000000000, type: 0}
  m_DefaultReflectionMode: 0
  m_DefaultReflectionResolution: 128
  m_ReflectionBounces: 1
  m_ReflectionIntensity: 1
  m_CustomReflection: {fileID: 0}
  m_Sun: {fileID: 0}
  m_IndirectSpecularColor: {r: 0, g: 0, b: 0, a: 1}
  m_UseRadianceAmbientProbe: 0
--- !u!157 &3
LightmapSettings:
  m_ObjectHideFlags: 0
  serializedVersion: 11
  m_GIWorkflowMode: 1
  m_GISettings:
    serializedVersion: 2
    m_BounceScale: 1
    m_IndirectOutputScale: 1
    m_AlbedoBoost: 1
    m_EnvironmentLightingMode: 0
    m_EnableBakedLightmaps: 0
    m_EnableRealtimeLightmaps: 0
  m_LightmapEditorSettings:
    serializedVersion: 12
    m_Resolution: 2
    m_BakeResolution: 40
    m_AtlasSize: 1024
    m_AO: 0
    m_AOMaxDistance: 1
    m_CompAOExponent: 1
    m_CompAOExponentDirect: 0
    m_ExtractAmbientOcclusion: 0
    m_Padding: 2
    m_LightmapParameters: {fileID: 0}
    m_LightmapsBakeMode: 1
    m_TextureCompression: 1
    m_FinalGather: 0
    m_FinalGatherFiltering: 1
    m_FinalGatherRayCount: 256
    m_ReflectionCompression: 2
    m_MixedBakeMode: 2
    m_BakeBackend: 1
    m_PVRSampling: 1
    m_PVRDirectSampleCount: 32
    m_PVRSampleCount: 512
    m_PVRBounces: 2
    m_PVREnvironmentSampleCount: 256
    m_PVREnvironmentReferencePointCount: 2048
    m_PVRFilteringMode: 1
    m_PVRDenoiserTypeDirect: 1
    m_PVRDenoiserTypeIndirect: 1
    m_PVRDenoiserTypeAO: 1
    m_PVRFilterTypeDirect: 0
    m_PVRFilterTypeIndirect: 0
    m_PVRFilterTypeAO: 0
    m_PVREnvironmentMIS: 1
    m_PVRCulling: 1
    m_PVRFilteringGaussRadiusDirect: 1
    m_PVRFilteringGaussRadiusIndirect: 5
    m_PVRFilteringGaussRadiusAO: 2
    m_PVRFilteringAtrousPositionSigmaDirect: 0.5
    m_PVRFilteringAtrousPositionSigmaIndirect: 2
    m_PVRFilteringAtrousPositionSigmaAO: 1
    m_ExportTrainingData: 0
    m_TrainingDataDestination: TrainingData
  m_LightingDataAsset: {fileID: 0}
  m_UseShadowmask: 1
--- !u!196 &4
NavMeshSettings:
  serializedVersion: 2
  m_ObjectHideFlags: 0
  m_BuildSettings:
    serializedVersion: 2
    agentTypeID: 0
    agentRadius: 0.5
    agentHeight: 2
    agentSlope: 45
    agentClimb: 0.4
    ledgeDropHeight: 0
    maxJumpAcrossDistance: 0
    minRegionArea: 2
    manualCellSize: 0
    cellSize: 0.16666667
    manualTileSize: 0
    tileSize: 256
    accuratePlacement: 0
    debug:
      m_Flags: 0
  m_NavMeshData: {fileID: 0}
--- !u!1 &360954347
GameObject:
  m_ObjectHideFlags: 0
  m_CorrespondingSourceObject: {fileID: 0}
  m_PrefabInstance: {fileID: 0}
  m_PrefabAsset: {fileID: 0}
  serializedVersion: 6
  m_Component:
  - component: {fileID: 360954348}
  - component: {fileID: 360954351}
  - component: {fileID: 360954350}
  - component: {fileID: 360954349}
  - component: {fileID: 360954352}
  m_Layer: 8
  m_Name: World
  m_TagString: Untagged
  m_Icon: {fileID: 0}
  m_NavMeshLayer: 0
  m_StaticEditorFlags: 0
  m_IsActive: 1
--- !u!4 &360954348
Transform:
  m_ObjectHideFlags: 0
  m_CorrespondingSourceObject: {fileID: 0}
  m_PrefabInstance: {fileID: 0}
  m_PrefabAsset: {fileID: 0}
  m_GameObject: {fileID: 360954347}
  m_LocalRotation: {x: -0, y: -0, z: -0, w: 1}
  m_LocalPosition: {x: -0.5, y: -0.5, z: 0}
  m_LocalScale: {x: 1, y: 1, z: 1}
  m_Children: []
  m_Father: {fileID: 1624158827}
  m_RootOrder: 0
  m_LocalEulerAnglesHint: {x: 0, y: 0, z: 0}
--- !u!114 &360954349
MonoBehaviour:
  m_ObjectHideFlags: 0
  m_CorrespondingSourceObject: {fileID: 0}
  m_PrefabInstance: {fileID: 0}
  m_PrefabAsset: {fileID: 0}
  m_GameObject: {fileID: 360954347}
  m_Enabled: 1
  m_EditorHideFlags: 0
  m_Script: {fileID: 11500000, guid: 0c0878bce0ff9f5429caa394748ab743, type: 3}
  m_Name: 
  m_EditorClassIdentifier: 
  player: {fileID: 2005074652042226782}
  playerSpawn: {x: 0, y: 0, z: 0}
  treeGenChance: 14
  grass: {fileID: 11400000, guid: 7d579f7d3cc3fb440821112bac851f6b, type: 2}
  dirt: {fileID: 11400000, guid: 98207588aa5760e4f8dd2c70c614d488, type: 2}
  stone: {fileID: 11400000, guid: 6f776533e4537764a8c7d49eb671e685, type: 2}
  decoration_map: {fileID: 1697169350}
  Water_Map: {fileID: 804829417}
  Seed: 0
  smoothness: 24
  smoothnessLerp: 18.8
  terrainHeight: 204
  seaLevel: 209
  terrainHeightMultiplier: 4
  chunkWidth: 16
  lastPositiveX: 0
  lastNegativeX: 0
  tileFamily: {fileID: 2005449589}
--- !u!483693784 &360954350
TilemapRenderer:
  m_ObjectHideFlags: 0
  m_CorrespondingSourceObject: {fileID: 0}
  m_PrefabInstance: {fileID: 0}
  m_PrefabAsset: {fileID: 0}
  m_GameObject: {fileID: 360954347}
  m_Enabled: 1
  m_CastShadows: 0
  m_ReceiveShadows: 0
  m_DynamicOccludee: 1
  m_MotionVectors: 1
  m_LightProbeUsage: 0
  m_ReflectionProbeUsage: 0
  m_RenderingLayerMask: 1
  m_RendererPriority: 0
  m_Materials:
  - {fileID: 2100000, guid: 0e478b3754fbec743bf7e0f72dfd2c03, type: 2}
  m_StaticBatchInfo:
    firstSubMesh: 0
    subMeshCount: 0
  m_StaticBatchRoot: {fileID: 0}
  m_ProbeAnchor: {fileID: 0}
  m_LightProbeVolumeOverride: {fileID: 0}
  m_ScaleInLightmap: 1
  m_ReceiveGI: 1
  m_PreserveUVs: 0
  m_IgnoreNormalsForChartDetection: 0
  m_ImportantGI: 0
  m_StitchLightmapSeams: 1
  m_SelectedEditorRenderState: 0
  m_MinimumChartSize: 4
  m_AutoUVMaxDistance: 0.5
  m_AutoUVMaxAngle: 89
  m_LightmapParameters: {fileID: 0}
  m_SortingLayerID: 0
  m_SortingLayer: 0
  m_SortingOrder: 0
  m_ChunkSize: {x: 32, y: 32, z: 32}
  m_ChunkCullingBounds: {x: 0, y: 0, z: 0}
  m_MaxChunkCount: 16
  m_MaxFrameAge: 16
  m_SortOrder: 0
  m_Mode: 0
  m_DetectChunkCullingBounds: 0
  m_MaskInteraction: 0
--- !u!1839735485 &360954351
Tilemap:
  m_ObjectHideFlags: 0
  m_CorrespondingSourceObject: {fileID: 0}
  m_PrefabInstance: {fileID: 0}
  m_PrefabAsset: {fileID: 0}
  m_GameObject: {fileID: 360954347}
  m_Enabled: 1
  m_Tiles: {}
  m_AnimatedTiles: {}
  m_TileAssetArray:
  - m_RefCount: 0
    m_Data: {fileID: 0}
  - m_RefCount: 0
    m_Data: {fileID: 0}
  - m_RefCount: 0
    m_Data: {fileID: 0}
  - m_RefCount: 0
    m_Data: {fileID: 0}
  - m_RefCount: 0
    m_Data: {fileID: 0}
  - m_RefCount: 0
    m_Data: {fileID: 0}
  - m_RefCount: 0
    m_Data: {fileID: 0}
  - m_RefCount: 0
    m_Data: {fileID: 0}
  m_TileSpriteArray:
  - m_RefCount: 0
    m_Data: {fileID: 0}
  - m_RefCount: 0
    m_Data: {fileID: 0}
  - m_RefCount: 0
    m_Data: {fileID: 0}
  - m_RefCount: 0
    m_Data: {fileID: 0}
  - m_RefCount: 0
    m_Data: {fileID: 0}
  - m_RefCount: 0
    m_Data: {fileID: 0}
  - m_RefCount: 0
    m_Data: {fileID: 0}
  - m_RefCount: 0
    m_Data: {fileID: 0}
  m_TileMatrixArray:
  - m_RefCount: 0
    m_Data:
      e00: NaN
      e01: NaN
      e02: 6.0316385e+9
      e03: 9.225268e+13
      e10: NaN
      e11: NaN
      e12: 8.95e-43
      e13: 8.95e-43
      e20: 4.6072966e+13
      e21: 4.6073322e+13
      e22: 1.4251893e+10
      e23: 4.6073322e+13
      e30: 8.95e-43
      e31: 8.95e-43
      e32: 4.591e-41
      e33: 8.95e-43
  m_TileColorArray:
  - m_RefCount: 0
    m_Data: {r: 2.5787872e-11, g: 2.5787872e-11, b: 2.5787872e-11, a: 2.5787872e-11}
  m_AnimationFrameRate: 1
  m_Color: {r: 1, g: 1, b: 1, a: 1}
  m_Origin: {x: 0, y: 0, z: 0}
  m_Size: {x: 95, y: 238, z: 1}
  m_TileAnchor: {x: 0.5, y: 0.5, z: 0}
  m_TileOrientation: 0
  m_TileOrientationMatrix:
    e00: 1
    e01: 0
    e02: 0
    e03: 0
    e10: 0
    e11: 1
    e12: 0
    e13: 0
    e20: 0
    e21: 0
    e22: 1
    e23: 0
    e30: 0
    e31: 0
    e32: 0
    e33: 1
--- !u!19719996 &360954352
TilemapCollider2D:
  m_ObjectHideFlags: 0
  m_CorrespondingSourceObject: {fileID: 0}
  m_PrefabInstance: {fileID: 0}
  m_PrefabAsset: {fileID: 0}
  m_GameObject: {fileID: 360954347}
  m_Enabled: 1
  m_Density: 1
  m_Material: {fileID: 6200000, guid: dc663e582b7b1fb439e3dc071c1dc97a, type: 2}
  m_IsTrigger: 0
  m_UsedByEffector: 0
  m_UsedByComposite: 0
  m_Offset: {x: 0, y: 0}
  m_MaximumTileChangeCount: 9999999
  m_ExtrusionFactor: 0.00001
--- !u!1 &804829414
GameObject:
  m_ObjectHideFlags: 0
  m_CorrespondingSourceObject: {fileID: 0}
  m_PrefabInstance: {fileID: 0}
  m_PrefabAsset: {fileID: 0}
  serializedVersion: 6
  m_Component:
  - component: {fileID: 804829415}
  - component: {fileID: 804829417}
  - component: {fileID: 804829416}
  - component: {fileID: 804829418}
  - component: {fileID: 804829419}
  m_Layer: 8
  m_Name: Water
  m_TagString: Untagged
  m_Icon: {fileID: 0}
  m_NavMeshLayer: 0
  m_StaticEditorFlags: 0
  m_IsActive: 1
--- !u!4 &804829415
Transform:
  m_ObjectHideFlags: 0
  m_CorrespondingSourceObject: {fileID: 0}
  m_PrefabInstance: {fileID: 0}
  m_PrefabAsset: {fileID: 0}
  m_GameObject: {fileID: 804829414}
  m_LocalRotation: {x: -0, y: -0, z: -0, w: 1}
  m_LocalPosition: {x: 0.5, y: 0.5, z: 0}
  m_LocalScale: {x: 1, y: 1, z: 1}
  m_Children: []
  m_Father: {fileID: 1624158827}
  m_RootOrder: 2
  m_LocalEulerAnglesHint: {x: 0, y: 0, z: 0}
--- !u!483693784 &804829416
TilemapRenderer:
  m_ObjectHideFlags: 0
  m_CorrespondingSourceObject: {fileID: 0}
  m_PrefabInstance: {fileID: 0}
  m_PrefabAsset: {fileID: 0}
  m_GameObject: {fileID: 804829414}
  m_Enabled: 1
  m_CastShadows: 0
  m_ReceiveShadows: 0
  m_DynamicOccludee: 1
  m_MotionVectors: 1
  m_LightProbeUsage: 0
  m_ReflectionProbeUsage: 0
  m_RenderingLayerMask: 1
  m_RendererPriority: 0
  m_Materials:
  - {fileID: 10754, guid: 0000000000000000f000000000000000, type: 0}
  m_StaticBatchInfo:
    firstSubMesh: 0
    subMeshCount: 0
  m_StaticBatchRoot: {fileID: 0}
  m_ProbeAnchor: {fileID: 0}
  m_LightProbeVolumeOverride: {fileID: 0}
  m_ScaleInLightmap: 1
  m_ReceiveGI: 1
  m_PreserveUVs: 0
  m_IgnoreNormalsForChartDetection: 0
  m_ImportantGI: 0
  m_StitchLightmapSeams: 1
  m_SelectedEditorRenderState: 0
  m_MinimumChartSize: 4
  m_AutoUVMaxDistance: 0.5
  m_AutoUVMaxAngle: 89
  m_LightmapParameters: {fileID: 0}
  m_SortingLayerID: 0
  m_SortingLayer: 0
  m_SortingOrder: 99
  m_ChunkSize: {x: 32, y: 32, z: 32}
  m_ChunkCullingBounds: {x: 0, y: 0, z: 0}
  m_MaxChunkCount: 16
  m_MaxFrameAge: 16
  m_SortOrder: 0
  m_Mode: 0
  m_DetectChunkCullingBounds: 0
  m_MaskInteraction: 0
--- !u!1839735485 &804829417
Tilemap:
  m_ObjectHideFlags: 0
  m_CorrespondingSourceObject: {fileID: 0}
  m_PrefabInstance: {fileID: 0}
  m_PrefabAsset: {fileID: 0}
  m_GameObject: {fileID: 804829414}
  m_Enabled: 1
  m_Tiles: {}
  m_AnimatedTiles: {}
  m_TileAssetArray: []
  m_TileSpriteArray: []
  m_TileMatrixArray: []
  m_TileColorArray: []
  m_AnimationFrameRate: 1
  m_Color: {r: 1, g: 1, b: 1, a: 1}
  m_Origin: {x: 0, y: 0, z: 0}
  m_Size: {x: 0, y: 0, z: 1}
  m_TileAnchor: {x: -0.5, y: -0.5, z: 0}
  m_TileOrientation: 0
  m_TileOrientationMatrix:
    e00: 1
    e01: 0
    e02: 0
    e03: 0
    e10: 0
    e11: 1
    e12: 0
    e13: 0
    e20: 0
    e21: 0
    e22: 1
    e23: 0
    e30: 0
    e31: 0
    e32: 0
    e33: 1
--- !u!114 &804829418
MonoBehaviour:
  m_ObjectHideFlags: 0
  m_CorrespondingSourceObject: {fileID: 0}
  m_PrefabInstance: {fileID: 0}
  m_PrefabAsset: {fileID: 0}
  m_GameObject: {fileID: 804829414}
  m_Enabled: 1
  m_EditorHideFlags: 0
  m_Script: {fileID: 11500000, guid: bed2a557e87b3ff408c86fcccf741e2f, type: 3}
  m_Name: 
  m_EditorClassIdentifier: 
--- !u!19719996 &804829419
TilemapCollider2D:
  m_ObjectHideFlags: 0
  m_CorrespondingSourceObject: {fileID: 0}
  m_PrefabInstance: {fileID: 0}
  m_PrefabAsset: {fileID: 0}
  m_GameObject: {fileID: 804829414}
  m_Enabled: 1
  m_Density: 1
  m_Material: {fileID: 6200000, guid: dc663e582b7b1fb439e3dc071c1dc97a, type: 2}
  m_IsTrigger: 1
  m_UsedByEffector: 0
  m_UsedByComposite: 0
  m_Offset: {x: 0, y: 0}
  m_MaximumTileChangeCount: 9999999
  m_ExtrusionFactor: 0.00001
--- !u!1 &1105290103
GameObject:
  m_ObjectHideFlags: 0
  m_CorrespondingSourceObject: {fileID: 0}
  m_PrefabInstance: {fileID: 0}
  m_PrefabAsset: {fileID: 0}
  serializedVersion: 6
  m_Component:
  - component: {fileID: 1105290105}
  - component: {fileID: 1105290104}
  m_Layer: 0
  m_Name: Global Light 2D
  m_TagString: Untagged
  m_Icon: {fileID: 0}
  m_NavMeshLayer: 0
  m_StaticEditorFlags: 0
  m_IsActive: 1
--- !u!114 &1105290104
MonoBehaviour:
  m_ObjectHideFlags: 0
  m_CorrespondingSourceObject: {fileID: 0}
  m_PrefabInstance: {fileID: 0}
  m_PrefabAsset: {fileID: 0}
  m_GameObject: {fileID: 1105290103}
  m_Enabled: 1
  m_EditorHideFlags: 0
  m_Script: {fileID: 11500000, guid: 073797afb82c5a1438f328866b10b3f0, type: 3}
  m_Name: 
  m_EditorClassIdentifier: 
  m_LightType: 4
  m_BlendStyleIndex: 0
  m_FalloffIntensity: 0.5
  m_Color: {r: 1, g: 1, b: 1, a: 1}
  m_Intensity: 0.1
  m_LightVolumeOpacity: 0
  m_ApplyToSortingLayers: 00000000
  m_LightCookieSprite: {fileID: 0}
  m_UseNormalMap: 0
  m_LightOrder: 0
  m_AlphaBlendOnOverlap: 0
  m_PointLightInnerAngle: 360
  m_PointLightOuterAngle: 360
  m_PointLightInnerRadius: 0
  m_PointLightOuterRadius: 1
  m_PointLightDistance: 3
  m_PointLightQuality: 1
  m_ShapeLightParametricSides: 5
  m_ShapeLightParametricAngleOffset: 0
  m_ShapeLightParametricRadius: 1
  m_ShapeLightFalloffSize: 0.5
  m_ShapeLightFalloffOffset: {x: 0, y: 0}
  m_ShapePath:
  - {x: -0.5, y: -0.5, z: 0}
  - {x: 0.5, y: -0.5, z: 0}
  - {x: 0.5, y: 0.5, z: 0}
  - {x: -0.5, y: 0.5, z: 0}
--- !u!4 &1105290105
Transform:
  m_ObjectHideFlags: 0
  m_CorrespondingSourceObject: {fileID: 0}
  m_PrefabInstance: {fileID: 0}
  m_PrefabAsset: {fileID: 0}
  m_GameObject: {fileID: 1105290103}
  m_LocalRotation: {x: 0, y: 0, z: 0, w: 1}
  m_LocalPosition: {x: 0.5, y: 0.5, z: 0}
  m_LocalScale: {x: 1, y: 1, z: 1}
  m_Children: []
  m_Father: {fileID: 0}
  m_RootOrder: 5
  m_LocalEulerAnglesHint: {x: 0, y: 0, z: 0}
--- !u!1 &1624158825
GameObject:
  m_ObjectHideFlags: 0
  m_CorrespondingSourceObject: {fileID: 0}
  m_PrefabInstance: {fileID: 0}
  m_PrefabAsset: {fileID: 0}
  serializedVersion: 6
  m_Component:
  - component: {fileID: 1624158827}
  - component: {fileID: 1624158826}
  m_Layer: 8
  m_Name: Grid
  m_TagString: Untagged
  m_Icon: {fileID: 0}
  m_NavMeshLayer: 0
  m_StaticEditorFlags: 0
  m_IsActive: 1
--- !u!156049354 &1624158826
Grid:
  m_ObjectHideFlags: 0
  m_CorrespondingSourceObject: {fileID: 0}
  m_PrefabInstance: {fileID: 0}
  m_PrefabAsset: {fileID: 0}
  m_GameObject: {fileID: 1624158825}
  m_Enabled: 1
  m_CellSize: {x: 1, y: 1, z: 0}
  m_CellGap: {x: 0, y: 0, z: 0}
  m_CellLayout: 0
  m_CellSwizzle: 0
--- !u!4 &1624158827
Transform:
  m_ObjectHideFlags: 0
  m_CorrespondingSourceObject: {fileID: 0}
  m_PrefabInstance: {fileID: 0}
  m_PrefabAsset: {fileID: 0}
  m_GameObject: {fileID: 1624158825}
  m_LocalRotation: {x: 0, y: 0, z: 0, w: 1}
  m_LocalPosition: {x: 0, y: 0, z: 0}
  m_LocalScale: {x: 1, y: 1, z: 1}
  m_Children:
  - {fileID: 360954348}
  - {fileID: 1697169352}
  - {fileID: 804829415}
  m_Father: {fileID: 0}
  m_RootOrder: 0
  m_LocalEulerAnglesHint: {x: 0, y: 0, z: 0}
--- !u!1 &1629576176
GameObject:
  m_ObjectHideFlags: 0
  m_CorrespondingSourceObject: {fileID: 0}
  m_PrefabInstance: {fileID: 0}
  m_PrefabAsset: {fileID: 0}
  serializedVersion: 6
  m_Component:
  - component: {fileID: 1629576179}
  - component: {fileID: 1629576178}
  - component: {fileID: 1629576177}
  m_Layer: 0
  m_Name: Cursor
  m_TagString: Untagged
  m_Icon: {fileID: 0}
  m_NavMeshLayer: 0
  m_StaticEditorFlags: 0
  m_IsActive: 1
--- !u!114 &1629576177
MonoBehaviour:
  m_ObjectHideFlags: 0
  m_CorrespondingSourceObject: {fileID: 0}
  m_PrefabInstance: {fileID: 0}
  m_PrefabAsset: {fileID: 0}
  m_GameObject: {fileID: 1629576176}
  m_Enabled: 1
  m_EditorHideFlags: 0
  m_Script: {fileID: 11500000, guid: c1dd737489f211942b96efc77487280c, type: 3}
  m_Name: 
  m_EditorClassIdentifier: 
  MousePos: {x: 0, y: 0, z: 0}
  World: {fileID: 360954351}
  selectedTile: {fileID: 0}
--- !u!212 &1629576178
SpriteRenderer:
  m_ObjectHideFlags: 0
  m_CorrespondingSourceObject: {fileID: 0}
  m_PrefabInstance: {fileID: 0}
  m_PrefabAsset: {fileID: 0}
  m_GameObject: {fileID: 1629576176}
  m_Enabled: 1
  m_CastShadows: 0
  m_ReceiveShadows: 0
  m_DynamicOccludee: 1
  m_MotionVectors: 1
  m_LightProbeUsage: 1
  m_ReflectionProbeUsage: 1
  m_RenderingLayerMask: 1
  m_RendererPriority: 0
  m_Materials:
  - {fileID: 10754, guid: 0000000000000000f000000000000000, type: 0}
  m_StaticBatchInfo:
    firstSubMesh: 0
    subMeshCount: 0
  m_StaticBatchRoot: {fileID: 0}
  m_ProbeAnchor: {fileID: 0}
  m_LightProbeVolumeOverride: {fileID: 0}
  m_ScaleInLightmap: 1
  m_ReceiveGI: 1
  m_PreserveUVs: 0
  m_IgnoreNormalsForChartDetection: 0
  m_ImportantGI: 0
  m_StitchLightmapSeams: 1
  m_SelectedEditorRenderState: 0
  m_MinimumChartSize: 4
  m_AutoUVMaxDistance: 0.5
  m_AutoUVMaxAngle: 89
  m_LightmapParameters: {fileID: 0}
  m_SortingLayerID: 0
  m_SortingLayer: 0
  m_SortingOrder: 999
  m_Sprite: {fileID: 21300000, guid: 2c0a441890715b54ea2830f5cc125f54, type: 3}
  m_Color: {r: 1, g: 1, b: 1, a: 1}
  m_FlipX: 0
  m_FlipY: 0
  m_DrawMode: 0
  m_Size: {x: 1, y: 1}
  m_AdaptiveModeThreshold: 0.5
  m_SpriteTileMode: 0
  m_WasSpriteAssigned: 1
  m_MaskInteraction: 0
  m_SpriteSortPoint: 0
--- !u!4 &1629576179
Transform:
  m_ObjectHideFlags: 0
  m_CorrespondingSourceObject: {fileID: 0}
  m_PrefabInstance: {fileID: 0}
  m_PrefabAsset: {fileID: 0}
  m_GameObject: {fileID: 1629576176}
  m_LocalRotation: {x: 0, y: 0, z: 0, w: 1}
  m_LocalPosition: {x: 0, y: 0, z: 0}
  m_LocalScale: {x: 1, y: 1, z: 1}
  m_Children: []
  m_Father: {fileID: 0}
  m_RootOrder: 2
  m_LocalEulerAnglesHint: {x: 0, y: 0, z: 0}
--- !u!1 &1671735449
GameObject:
  m_ObjectHideFlags: 0
  m_CorrespondingSourceObject: {fileID: 0}
  m_PrefabInstance: {fileID: 0}
  m_PrefabAsset: {fileID: 0}
  serializedVersion: 6
  m_Component:
  - component: {fileID: 1671735450}
  - component: {fileID: 1671735451}
  - component: {fileID: 1671735452}
  m_Layer: 0
  m_Name: 2d Light
  m_TagString: Untagged
  m_Icon: {fileID: 0}
  m_NavMeshLayer: 0
  m_StaticEditorFlags: 0
  m_IsActive: 1
--- !u!224 &1671735450
RectTransform:
  m_ObjectHideFlags: 0
  m_CorrespondingSourceObject: {fileID: 0}
  m_PrefabInstance: {fileID: 0}
  m_PrefabAsset: {fileID: 0}
  m_GameObject: {fileID: 1671735449}
  m_LocalRotation: {x: -0, y: -0, z: -0, w: 1}
  m_LocalPosition: {x: 0, y: 0, z: -5.35}
  m_LocalScale: {x: 2, y: 2, z: 1}
  m_Children: []
  m_Father: {fileID: 0}
  m_RootOrder: 4
  m_LocalEulerAnglesHint: {x: 0, y: 0, z: 0}
  m_AnchorMin: {x: 0, y: 0}
  m_AnchorMax: {x: 0.5, y: 0.5}
  m_AnchoredPosition: {x: 85.78646, y: 102.46057}
  m_SizeDelta: {x: 100, y: 100}
  m_Pivot: {x: 0.5, y: 0.5}
--- !u!114 &1671735451
MonoBehaviour:
  m_ObjectHideFlags: 0
  m_CorrespondingSourceObject: {fileID: 0}
  m_PrefabInstance: {fileID: 0}
  m_PrefabAsset: {fileID: 0}
  m_GameObject: {fileID: 1671735449}
  m_Enabled: 0
  m_EditorHideFlags: 0
  m_Script: {fileID: 11500000, guid: 073797afb82c5a1438f328866b10b3f0, type: 3}
  m_Name: 
  m_EditorClassIdentifier: 
  m_LightType: 3
  m_BlendStyleIndex: 0
  m_FalloffIntensity: 0.5
  m_Color: {r: 1, g: 1, b: 1, a: 1}
  m_Intensity: 1
  m_LightVolumeOpacity: 0
  m_ApplyToSortingLayers: 00000000
  m_LightCookieSprite: {fileID: 21300000, guid: 7e4934ff3cdd95340a32d19562bb6f55,
    type: 3}
  m_UseNormalMap: 0
  m_LightOrder: 0
  m_AlphaBlendOnOverlap: 0
  m_PointLightInnerAngle: 360
  m_PointLightOuterAngle: 360
  m_PointLightInnerRadius: 0
  m_PointLightOuterRadius: 8
  m_PointLightDistance: 3
  m_PointLightQuality: 1
  m_ShapeLightParametricSides: 5
  m_ShapeLightParametricAngleOffset: 0
  m_ShapeLightParametricRadius: 1
  m_ShapeLightFalloffSize: 0.5
  m_ShapeLightFalloffOffset: {x: 0, y: 0}
  m_ShapePath:
  - {x: -0.5, y: -0.5, z: 0}
  - {x: 0.5, y: -0.5, z: 0}
  - {x: 0.5, y: 0.5, z: 0}
  - {x: -0.5, y: 0.5, z: 0}
--- !u!114 &1671735452
MonoBehaviour:
  m_ObjectHideFlags: 0
  m_CorrespondingSourceObject: {fileID: 0}
  m_PrefabInstance: {fileID: 0}
  m_PrefabAsset: {fileID: 0}
  m_GameObject: {fileID: 1671735449}
  m_Enabled: 0
  m_EditorHideFlags: 0
  m_Script: {fileID: 11500000, guid: 86dd286459bb28147a2337c629beaa7e, type: 3}
  m_Name: 
  m_EditorClassIdentifier: 
  Player: {fileID: 2005074652042226782}
  offset: 0
  Wrap: 1
--- !u!1 &1697169349
GameObject:
  m_ObjectHideFlags: 0
  m_CorrespondingSourceObject: {fileID: 0}
  m_PrefabInstance: {fileID: 0}
  m_PrefabAsset: {fileID: 0}
  serializedVersion: 6
  m_Component:
  - component: {fileID: 1697169352}
  - component: {fileID: 1697169350}
  - component: {fileID: 1697169351}
  m_Layer: 0
  m_Name: Decorations
  m_TagString: Untagged
  m_Icon: {fileID: 0}
  m_NavMeshLayer: 0
  m_StaticEditorFlags: 0
  m_IsActive: 1
--- !u!1839735485 &1697169350
Tilemap:
  m_ObjectHideFlags: 0
  m_CorrespondingSourceObject: {fileID: 0}
  m_PrefabInstance: {fileID: 0}
  m_PrefabAsset: {fileID: 0}
  m_GameObject: {fileID: 1697169349}
  m_Enabled: 1
  m_Tiles: {}
  m_AnimatedTiles: {}
  m_TileAssetArray: []
  m_TileSpriteArray: []
  m_TileMatrixArray: []
  m_TileColorArray: []
  m_AnimationFrameRate: 1
  m_Color: {r: 1, g: 1, b: 1, a: 1}
  m_Origin: {x: 0, y: 0, z: 0}
  m_Size: {x: 0, y: 0, z: 1}
  m_TileAnchor: {x: 0.5, y: 0.5, z: 0}
  m_TileOrientation: 0
  m_TileOrientationMatrix:
    e00: 1
    e01: 0
    e02: 0
    e03: 0
    e10: 0
    e11: 1
    e12: 0
    e13: 0
    e20: 0
    e21: 0
    e22: 1
    e23: 0
    e30: 0
    e31: 0
    e32: 0
    e33: 1
--- !u!483693784 &1697169351
TilemapRenderer:
  m_ObjectHideFlags: 0
  m_CorrespondingSourceObject: {fileID: 0}
  m_PrefabInstance: {fileID: 0}
  m_PrefabAsset: {fileID: 0}
  m_GameObject: {fileID: 1697169349}
  m_Enabled: 1
  m_CastShadows: 0
  m_ReceiveShadows: 0
  m_DynamicOccludee: 1
  m_MotionVectors: 1
  m_LightProbeUsage: 0
  m_ReflectionProbeUsage: 0
  m_RenderingLayerMask: 1
  m_RendererPriority: 0
  m_Materials:
  - {fileID: 10754, guid: 0000000000000000f000000000000000, type: 0}
  m_StaticBatchInfo:
    firstSubMesh: 0
    subMeshCount: 0
  m_StaticBatchRoot: {fileID: 0}
  m_ProbeAnchor: {fileID: 0}
  m_LightProbeVolumeOverride: {fileID: 0}
  m_ScaleInLightmap: 1
  m_ReceiveGI: 1
  m_PreserveUVs: 0
  m_IgnoreNormalsForChartDetection: 0
  m_ImportantGI: 0
  m_StitchLightmapSeams: 1
  m_SelectedEditorRenderState: 0
  m_MinimumChartSize: 4
  m_AutoUVMaxDistance: 0.5
  m_AutoUVMaxAngle: 89
  m_LightmapParameters: {fileID: 0}
  m_SortingLayerID: 0
  m_SortingLayer: 0
  m_SortingOrder: -50
  m_ChunkSize: {x: 32, y: 32, z: 32}
  m_ChunkCullingBounds: {x: 0, y: 0, z: 0}
  m_MaxChunkCount: 16
  m_MaxFrameAge: 16
  m_SortOrder: 0
  m_Mode: 0
  m_DetectChunkCullingBounds: 0
  m_MaskInteraction: 0
--- !u!4 &1697169352
Transform:
  m_ObjectHideFlags: 0
  m_CorrespondingSourceObject: {fileID: 0}
  m_PrefabInstance: {fileID: 0}
  m_PrefabAsset: {fileID: 0}
  m_GameObject: {fileID: 1697169349}
  m_LocalRotation: {x: -0, y: -0, z: -0, w: 1}
  m_LocalPosition: {x: -0.5, y: -0.5, z: 0}
  m_LocalScale: {x: 1, y: 1, z: 1}
  m_Children: []
  m_Father: {fileID: 1624158827}
  m_RootOrder: 1
  m_LocalEulerAnglesHint: {x: 0, y: 0, z: 0}
--- !u!1 &2005449589
GameObject:
  m_ObjectHideFlags: 0
  m_CorrespondingSourceObject: {fileID: 0}
  m_PrefabInstance: {fileID: 0}
  m_PrefabAsset: {fileID: 0}
  serializedVersion: 6
  m_Component:
  - component: {fileID: 2005449591}
  - component: {fileID: 2005449590}
  m_Layer: 0
  m_Name: TileFamily
  m_TagString: Untagged
  m_Icon: {fileID: 0}
  m_NavMeshLayer: 0
  m_StaticEditorFlags: 0
  m_IsActive: 1
--- !u!114 &2005449590
MonoBehaviour:
  m_ObjectHideFlags: 0
  m_CorrespondingSourceObject: {fileID: 0}
  m_PrefabInstance: {fileID: 0}
  m_PrefabAsset: {fileID: 0}
  m_GameObject: {fileID: 2005449589}
  m_Enabled: 1
  m_EditorHideFlags: 0
  m_Script: {fileID: 11500000, guid: 0e7392a32de93804f969dabcdc6dea1a, type: 3}
  m_Name: 
  m_EditorClassIdentifier: 
  Stone: {fileID: 11400000, guid: c2a5330f52dc4f3408de70f75b227358, type: 2}
  Grass: {fileID: 11400000, guid: 38c407401d439734b8aed644e36ca615, type: 2}
  Dirt: {fileID: 11400000, guid: 98207588aa5760e4f8dd2c70c614d488, type: 2}
  Water: {fileID: 11400000, guid: 421f72ce65c59da4da89ceadf0252724, type: 2}
  treeBody: {fileID: 11400000, guid: c0794846afecf6e4cb5a4bbbbbb1798d, type: 2}
  leftBranch: {fileID: 11400000, guid: 6a6950588e3b5d641929798e6c5ef576, type: 2}
  rightBranch: {fileID: 11400000, guid: f64096295cbdae349830cae95513d193, type: 2}
  leftBranchBody: {fileID: 11400000, guid: 2b91993942baa8d4a907bc499ab90e06, type: 2}
  rightBranchBody: {fileID: 11400000, guid: d9768e5e1281a574ba573c3e83184e9f, type: 2}
  TreeTop:
  - {fileID: 11400000, guid: a9d7f6bcef9767f4688c57339b4fcc8a, type: 2}
  - {fileID: 11400000, guid: 3b174d06b2c85e24ab61d7f8db005fb6, type: 2}
  - {fileID: 11400000, guid: a971564543b54a6478b504cce86b37c6, type: 2}
  - {fileID: 11400000, guid: 366a19c037c0e7e4fa216dd1d358a288, type: 2}
  - {fileID: 11400000, guid: 814e56731415c0d4681935c047b7e555, type: 2}
  - {fileID: 11400000, guid: f5f581208c5ecfb49ad83ac333ce593f, type: 2}
--- !u!4 &2005449591
Transform:
  m_ObjectHideFlags: 0
  m_CorrespondingSourceObject: {fileID: 0}
  m_PrefabInstance: {fileID: 0}
  m_PrefabAsset: {fileID: 0}
  m_GameObject: {fileID: 2005449589}
  m_LocalRotation: {x: 0, y: 0, z: 0, w: 1}
  m_LocalPosition: {x: 11.77548, y: 222.15741, z: -0.42881003}
  m_LocalScale: {x: 1, y: 1, z: 1}
  m_Children: []
  m_Father: {fileID: 0}
  m_RootOrder: 3
  m_LocalEulerAnglesHint: {x: 0, y: 0, z: 0}
--- !u!1 &2005074652042226782 stripped
GameObject:
  m_CorrespondingSourceObject: {fileID: 5029411789837149739, guid: 2ccdfe5cf50f89544a5f90ffd974ea27,
    type: 3}
  m_PrefabInstance: {fileID: 6782275516561508981}
  m_PrefabAsset: {fileID: 0}
--- !u!50 &2005074652042226784
Rigidbody2D:
  serializedVersion: 4
  m_ObjectHideFlags: 0
  m_CorrespondingSourceObject: {fileID: 0}
  m_PrefabInstance: {fileID: 0}
  m_PrefabAsset: {fileID: 0}
  m_GameObject: {fileID: 2005074652042226782}
  m_BodyType: 0
  m_Simulated: 1
  m_UseFullKinematicContacts: 0
  m_UseAutoMass: 1
  m_Mass: 50.758404
  m_LinearDrag: 1
  m_AngularDrag: 1
  m_GravityScale: 3
  m_Material: {fileID: 6200000, guid: dc663e582b7b1fb439e3dc071c1dc97a, type: 2}
  m_Interpolate: 0
  m_SleepingMode: 0
  m_CollisionDetection: 1
  m_Constraints: 4
--- !u!61 &2005074652042226788
BoxCollider2D:
  m_ObjectHideFlags: 0
  m_CorrespondingSourceObject: {fileID: 0}
  m_PrefabInstance: {fileID: 0}
  m_PrefabAsset: {fileID: 0}
  m_GameObject: {fileID: 2005074652042226782}
  m_Enabled: 0
  m_Density: 1
  m_Material: {fileID: 6200000, guid: dc663e582b7b1fb439e3dc071c1dc97a, type: 2}
  m_IsTrigger: 1
  m_UsedByEffector: 0
  m_UsedByComposite: 0
  m_Offset: {x: 0.022712708, y: -0.428257}
  m_SpriteTilingProperty:
    border: {x: 0, y: 0, z: 0, w: 0}
    pivot: {x: 0.5, y: 0.5}
    oldSize: {x: 1, y: 1}
    newSize: {x: 0.32, y: 0.32}
    adaptiveTilingThreshold: 0.5
    drawMode: 0
    adaptiveTiling: 0
  m_AutoTiling: 0
  serializedVersion: 2
  m_Size: {x: 0.7854767, y: 0.1293869}
  m_EdgeRadius: 0
--- !u!1001 &6782275516561508981
PrefabInstance:
  m_ObjectHideFlags: 0
  serializedVersion: 2
  m_Modification:
    m_TransformParent: {fileID: 0}
    m_Modifications:
    - target: {fileID: 319155256832885069, guid: 2ccdfe5cf50f89544a5f90ffd974ea27,
        type: 3}
      propertyPath: m_projectionMatrixMode
      value: 1
      objectReference: {fileID: 0}
    - target: {fileID: 319155256832885069, guid: 2ccdfe5cf50f89544a5f90ffd974ea27,
        type: 3}
      propertyPath: m_BackGroundColor.r
      value: 0
      objectReference: {fileID: 0}
    - target: {fileID: 319155256832885069, guid: 2ccdfe5cf50f89544a5f90ffd974ea27,
        type: 3}
      propertyPath: m_BackGroundColor.g
      value: 0
      objectReference: {fileID: 0}
    - target: {fileID: 319155256832885069, guid: 2ccdfe5cf50f89544a5f90ffd974ea27,
        type: 3}
      propertyPath: m_BackGroundColor.b
      value: 0
      objectReference: {fileID: 0}
    - target: {fileID: 2494240966442906470, guid: 2ccdfe5cf50f89544a5f90ffd974ea27,
        type: 3}
      propertyPath: m_LocalPosition.x
      value: 171.57292
      objectReference: {fileID: 0}
    - target: {fileID: 2494240966442906470, guid: 2ccdfe5cf50f89544a5f90ffd974ea27,
        type: 3}
      propertyPath: m_LocalPosition.y
      value: 204.92114
      objectReference: {fileID: 0}
    - target: {fileID: 2494240966442906470, guid: 2ccdfe5cf50f89544a5f90ffd974ea27,
        type: 3}
      propertyPath: m_LocalPosition.z
      value: 0
      objectReference: {fileID: 0}
    - target: {fileID: 2494240966442906470, guid: 2ccdfe5cf50f89544a5f90ffd974ea27,
        type: 3}
      propertyPath: m_LocalRotation.x
      value: 0
      objectReference: {fileID: 0}
    - target: {fileID: 2494240966442906470, guid: 2ccdfe5cf50f89544a5f90ffd974ea27,
        type: 3}
      propertyPath: m_LocalRotation.y
      value: 0
      objectReference: {fileID: 0}
    - target: {fileID: 2494240966442906470, guid: 2ccdfe5cf50f89544a5f90ffd974ea27,
        type: 3}
      propertyPath: m_LocalRotation.z
      value: 0
      objectReference: {fileID: 0}
    - target: {fileID: 2494240966442906470, guid: 2ccdfe5cf50f89544a5f90ffd974ea27,
        type: 3}
      propertyPath: m_LocalRotation.w
      value: 1
      objectReference: {fileID: 0}
    - target: {fileID: 2494240966442906470, guid: 2ccdfe5cf50f89544a5f90ffd974ea27,
        type: 3}
      propertyPath: m_RootOrder
      value: 1
      objectReference: {fileID: 0}
    - target: {fileID: 2494240966442906470, guid: 2ccdfe5cf50f89544a5f90ffd974ea27,
        type: 3}
      propertyPath: m_LocalEulerAnglesHint.x
      value: 0
      objectReference: {fileID: 0}
    - target: {fileID: 2494240966442906470, guid: 2ccdfe5cf50f89544a5f90ffd974ea27,
        type: 3}
      propertyPath: m_LocalEulerAnglesHint.y
      value: 0
      objectReference: {fileID: 0}
    - target: {fileID: 2494240966442906470, guid: 2ccdfe5cf50f89544a5f90ffd974ea27,
        type: 3}
      propertyPath: m_LocalEulerAnglesHint.z
      value: 0
      objectReference: {fileID: 0}
    - target: {fileID: 4293107011903526608, guid: 2ccdfe5cf50f89544a5f90ffd974ea27,
        type: 3}
      propertyPath: Blocks.Array.size
      value: 3
      objectReference: {fileID: 0}
    - target: {fileID: 4293107011903526608, guid: 2ccdfe5cf50f89544a5f90ffd974ea27,
        type: 3}
      propertyPath: BlockList.Array.size
      value: 3
      objectReference: {fileID: 0}
    - target: {fileID: 4293107011903526608, guid: 2ccdfe5cf50f89544a5f90ffd974ea27,
        type: 3}
      propertyPath: followCursr
      value: 
      objectReference: {fileID: 1629576176}
    - target: {fileID: 4293107011903526608, guid: 2ccdfe5cf50f89544a5f90ffd974ea27,
        type: 3}
      propertyPath: groundLayer.m_Bits
      value: 256
      objectReference: {fileID: 0}
    - target: {fileID: 4293107011903526608, guid: 2ccdfe5cf50f89544a5f90ffd974ea27,
        type: 3}
      propertyPath: raycastSize
      value: 3
      objectReference: {fileID: 0}
    - target: {fileID: 4293107011903526608, guid: 2ccdfe5cf50f89544a5f90ffd974ea27,
        type: 3}
      propertyPath: jumpForce
      value: 10
      objectReference: {fileID: 0}
    - target: {fileID: 4293107011903526608, guid: 2ccdfe5cf50f89544a5f90ffd974ea27,
        type: 3}
      propertyPath: speed
      value: 11
      objectReference: {fileID: 0}
    - target: {fileID: 4293107011903526608, guid: 2ccdfe5cf50f89544a5f90ffd974ea27,
        type: 3}
      propertyPath: stepAction
      value: 
      objectReference: {fileID: 2005074652042226788}
    - target: {fileID: 4293107011903526608, guid: 2ccdfe5cf50f89544a5f90ffd974ea27,
        type: 3}
      propertyPath: Blocks.Array.data[0]
      value: 
      objectReference: {fileID: 11400000, guid: 7d579f7d3cc3fb440821112bac851f6b,
        type: 2}
    - target: {fileID: 4293107011903526608, guid: 2ccdfe5cf50f89544a5f90ffd974ea27,
        type: 3}
      propertyPath: Blocks.Array.data[1]
      value: 
      objectReference: {fileID: 11400000, guid: cbcbf594f881a9a428a3dba55affaf5b,
        type: 2}
    - target: {fileID: 4293107011903526608, guid: 2ccdfe5cf50f89544a5f90ffd974ea27,
        type: 3}
      propertyPath: Blocks.Array.data[2]
      value: 
      objectReference: {fileID: 11400000, guid: 77281e156082b0d4d9cc4b70884d44f5,
        type: 2}
    - target: {fileID: 4293107011903526608, guid: 2ccdfe5cf50f89544a5f90ffd974ea27,
        type: 3}
      propertyPath: Blocks.Array.data[3]
      value: 
      objectReference: {fileID: 11400000, guid: 0abe706738ac5404bacc6dd01ea885f0,
        type: 2}
    - target: {fileID: 4293107011903526608, guid: 2ccdfe5cf50f89544a5f90ffd974ea27,
        type: 3}
      propertyPath: blockFamily
      value: 
      objectReference: {fileID: 2005449589}
    - target: {fileID: 4293107011903526608, guid: 2ccdfe5cf50f89544a5f90ffd974ea27,
        type: 3}
      propertyPath: maxSpeed
      value: 5
      objectReference: {fileID: 0}
    - target: {fileID: 4293107011903526608, guid: 2ccdfe5cf50f89544a5f90ffd974ea27,
        type: 3}
      propertyPath: walkSpeed
      value: 7
      objectReference: {fileID: 0}
    - target: {fileID: 4293107011903526608, guid: 2ccdfe5cf50f89544a5f90ffd974ea27,
        type: 3}
      propertyPath: runSpeedMultiplier
      value: 1.7
      objectReference: {fileID: 0}
    - target: {fileID: 4293107011903526608, guid: 2ccdfe5cf50f89544a5f90ffd974ea27,
        type: 3}
      propertyPath: JumpForce
      value: 5
      objectReference: {fileID: 0}
    - target: {fileID: 4293107011903526608, guid: 2ccdfe5cf50f89544a5f90ffd974ea27,
        type: 3}
      propertyPath: walkAcceleration
      value: 30
      objectReference: {fileID: 0}
    - target: {fileID: 4293107011903526608, guid: 2ccdfe5cf50f89544a5f90ffd974ea27,
        type: 3}
      propertyPath: airAcceleration
      value: 20
      objectReference: {fileID: 0}
    - target: {fileID: 4293107011903526608, guid: 2ccdfe5cf50f89544a5f90ffd974ea27,
        type: 3}
      propertyPath: groundDeceleration
      value: 99
      objectReference: {fileID: 0}
    - target: {fileID: 4293107011903526608, guid: 2ccdfe5cf50f89544a5f90ffd974ea27,
        type: 3}
      propertyPath: body
      value: 
      objectReference: {fileID: 2005074652042226784}
    - target: {fileID: 4293107011903526608, guid: 2ccdfe5cf50f89544a5f90ffd974ea27,
        type: 3}
      propertyPath: trigger
      value: 
      objectReference: {fileID: 0}
    - target: {fileID: 5029411789837149739, guid: 2ccdfe5cf50f89544a5f90ffd974ea27,
        type: 3}
      propertyPath: m_Name
      value: Player
      objectReference: {fileID: 0}
    - target: {fileID: 6183772767210207352, guid: 2ccdfe5cf50f89544a5f90ffd974ea27,
        type: 3}
      propertyPath: m_Material
      value: 
      objectReference: {fileID: 6200000, guid: dc663e582b7b1fb439e3dc071c1dc97a, type: 2}
    - target: {fileID: 6183772767210207352, guid: 2ccdfe5cf50f89544a5f90ffd974ea27,
        type: 3}
      propertyPath: m_EdgeRadius
      value: 0.14
      objectReference: {fileID: 0}
    - target: {fileID: 6183772767210207352, guid: 2ccdfe5cf50f89544a5f90ffd974ea27,
        type: 3}
      propertyPath: m_Density
      value: 99
      objectReference: {fileID: 0}
    - target: {fileID: 6183772767210207352, guid: 2ccdfe5cf50f89544a5f90ffd974ea27,
        type: 3}
      propertyPath: m_AutoTiling
      value: 0
      objectReference: {fileID: 0}
    - target: {fileID: 6183772767210207352, guid: 2ccdfe5cf50f89544a5f90ffd974ea27,
        type: 3}
      propertyPath: m_Offset.y
      value: -0.14474487
      objectReference: {fileID: 0}
    - target: {fileID: 6183772767210207352, guid: 2ccdfe5cf50f89544a5f90ffd974ea27,
        type: 3}
      propertyPath: m_Size.y
      value: 0.58262634
      objectReference: {fileID: 0}
    - target: {fileID: 6183772767210207352, guid: 2ccdfe5cf50f89544a5f90ffd974ea27,
        type: 3}
      propertyPath: m_Offset.x
      value: 0.012207031
      objectReference: {fileID: 0}
    - target: {fileID: 6183772767210207352, guid: 2ccdfe5cf50f89544a5f90ffd974ea27,
        type: 3}
      propertyPath: m_Size.x
      value: 0.22
      objectReference: {fileID: 0}
    - target: {fileID: 7267061097576276339, guid: 2ccdfe5cf50f89544a5f90ffd974ea27,
        type: 3}
      propertyPath: TexturePixelsPerWorldUnit
      value: 8
      objectReference: {fileID: 0}
    m_RemovedComponents: []
  m_SourcePrefab: {fileID: 100100000, guid: 2ccdfe5cf50f89544a5f90ffd974ea27, type: 3}
